<?xml version="1.0" encoding="UTF-8"?><collection><record><leader>04793ntm a2200553 a 4500</leader><controlfield tag="001">006781939</controlfield><controlfield tag="003">MiAaHDL</controlfield><controlfield tag="005">20190719000000.0</controlfield><controlfield tag="006">m        d        </controlfield><controlfield tag="007">cr bn ---auaua</controlfield><controlfield tag="008">090518s1798    xx            00| ||ara d</controlfield><datafield tag="035" ind1=" " ind2=" "><subfield code="a">(MiU)006781939</subfield></datafield><datafield tag="035" ind1=" " ind2=" "><subfield code="a">sdr-miu006781939</subfield></datafield><datafield tag="040" ind1=" " ind2=" "><subfield code="a">MiU</subfield><subfield code="c">MiU</subfield><subfield code="e">amremm</subfield></datafield><datafield tag="043" ind1=" " ind2=" "><subfield code="a">n-us-mi</subfield></datafield><datafield tag="100" ind1="1" ind2=" "><subfield code="6">880-01</subfield><subfield code="a">Nahrawānī, Muḥammad Abū Thābit ibn al-Rifāʻī,</subfield><subfield code="d">d. 1635.</subfield></datafield><datafield tag="240" ind1="1" ind2="0"><subfield code="6">880-02</subfield><subfield code="a">Naṣīḥat al-muḥibbīn wa-rawḍat al-muwaḥḥidīn</subfield></datafield><datafield tag="245" ind1="1" ind2="0"><subfield code="6">880-03</subfield><subfield code="a">Kitāb Naṣīḥat al-muḥibbīn wa-rawḍat al-muwaḥḥidīn,</subfield><subfield code="f">[1212, i.e. 1798].</subfield></datafield><datafield tag="246" ind1="3" ind2=" "><subfield code="i">Edge title (tail):</subfield><subfield code="a">روضة المحبين</subfield></datafield><datafield tag="260" ind1=" " ind2=" "><subfield code="c">[1798].</subfield></datafield><datafield tag="300" ind1=" " ind2=" "><subfield code="a">94 leaves :</subfield><subfield code="b">paper ;</subfield><subfield code="c">215 x 157 (151 x 95) mm.</subfield></datafield><datafield tag="500" ind1=" " ind2=" "><subfield code="a">Shelfmark: Ann Arbor, University of Michigan, Special Collections Library, Isl. Ms. 517</subfield></datafield><datafield tag="500" ind1=" " ind2=" "><subfield code="a">Origin: As appears at close on p.190, copied by one Muṣṭafá (Mustafa) from or on the authority of Ibn Aḥmad (İbn-i Ahmet) with transcription completed 15 Dhū al-Qaʻdah 1212 [ca. 1 May 1798].</subfield></datafield><datafield tag="500" ind1=" " ind2=" "><subfield code="a">Accompanying materials: a. Acquisitions slip from Yahuda (pp.1-2) -- b. Inventory cataloguing slip in hand of Winifred Smeaton Thomas (pp.3-4).</subfield></datafield><datafield tag="500" ind1=" " ind2=" "><subfield code="a">Former shelfmark: From inscription on 'title page' (p.5) and label on lower cover, "IL 393" (likely supplied by Yahuda, see acquisitions slip).</subfield></datafield><datafield tag="500" ind1=" " ind2=" "><subfield code="a">Binding: Pasteboards covered in dark olive green coated and textured paper with dark green-blue leather over spine ; Type III binding (without flap) ; doublures in shell marbled paper (in blue, brown, and yellow) ; sewn in yellow thread, two stations ; worked chevron endbands red and yellow, fairly good condition with some damage ; overall in fair condition.</subfield></datafield><datafield tag="500" ind1=" " ind2=" "><subfield code="a">Support: European laid paper of at least two types ; opening type with 8 laid lines per cm. (vertical), chain lines spaced 21-22 mm. apart (horizontal), three wishbones or stirrups [or inverted crescents?] and "A C" countermark (see p.6, 8, 52, 53, etc.) ; another type with 9 laid lines per cm. (vertial), chain lines spaced 23 mm. apart (horizontal), and "G F A" with eagle and three stylized hats watermarks (see p.148, 152, etc.).</subfield></datafield><datafield tag="500" ind1=" " ind2=" "><subfield code="a">Decoration: Keywords rubricated.</subfield></datafield><datafield tag="500" ind1=" " ind2=" "><subfield code="a">Script: Naskh ; elegant hand in a medium line ; virtually serifless with slight effect of tilt to the left, mainly open counters, curvilinear descenders ; freely ligatured and somewhat casually pointed (with many mistakes) ; partially vocalized.</subfield></datafield><datafield tag="500" ind1=" " ind2=" "><subfield code="a">Layout: Written in 11 lines per page ; frame-ruled.</subfield></datafield><datafield tag="500" ind1=" " ind2=" "><subfield code="a">Collation: 8 V (80), VI (92), I (94) ; chiefly quinions ; pagination in pencil, Western numerals, supplied during digitization (includes inserts and skips two pages between pp.43 and 44).</subfield></datafield><datafield tag="500" ind1=" " ind2=" "><subfield code="a">Colophon: "اثر خامه [؟] مصطفى عن ابن احمد در راه كتخدايى راه ايى زاده سنه اثنين عشر وماتين والف في ۱٥ شهر ذق ..."</subfield></datafield><datafield tag="500" ind1=" " ind2=" "><subfield code="a">Explicit: "واجعل اللهم ثواب ذلك نجاة لي ولاخواني من النار يا مهيمن يا ستار امين والحمد لله رب العالمين"</subfield></datafield><datafield tag="500" ind1=" " ind2=" "><subfield code="a">Incipit: "الحمد لله الواجب الوجود الذي شهد بوجوده كل من في الاكوان ... اما بعد فيقول العبد الفقير الى رحمة ربه القدير ... محمد ابو ثابت ابن الرفاعي ان هذا الكتاب تذكرة للعاقل وتنبيها للغافل ... وسميتها النصيحة المحبين وروضة الموحدين ..."</subfield></datafield><datafield tag="500" ind1=" " ind2=" "><subfield code="a">Title from inscription on 'title page' (p.5) and opening on pp.9-10.</subfield></datafield><datafield tag="500" ind1=" " ind2=" "><subfield code="a">Ms. codex.</subfield></datafield><datafield tag="510" ind1="4" ind2=" "><subfield code="a">Ḥājjī Khalīfah. Kashf al-ẓunūn,</subfield><subfield code="c">4/653</subfield></datafield><datafield tag="520" ind1="8" ind2=" "><subfield code="a">Fine copy of a treatise on Sufism and theological matters by Muḥammad Abū Thābit Ibn al-Rifāʻī al-Nahrawānī (d.1045/1635).</subfield></datafield><datafield tag="538" ind1=" " ind2=" "><subfield code="a">Mode of access: Internet.</subfield></datafield><datafield tag="541" ind1=" " ind2=" "><subfield code="a">Acquired in 1926 from the bookseller Isaac Benjamin S.E. Yahuda via purchase transacted on his behalf by Abraham Shalom Yahuda (1877-1951), his younger brother.</subfield></datafield><datafield tag="546" ind1=" " ind2=" "><subfield code="a">Arabic.</subfield></datafield><datafield tag="561" ind1=" " ind2=" "><subfield code="a">Fairly clean copy.</subfield></datafield><datafield tag="650" ind1=" " ind2="0"><subfield code="a">Manuscripts, Arabic</subfield><subfield code="z">Michigan</subfield><subfield code="z">Ann Arbor.</subfield></datafield><datafield tag="650" ind1=" " ind2="0"><subfield code="a">Islam</subfield><subfield code="x">Doctrines</subfield><subfield code="v">Early works to 1800.</subfield></datafield><datafield tag="650" ind1=" " ind2="0"><subfield code="a">Sufism</subfield><subfield code="v">Early works to 1800.</subfield></datafield><datafield tag="773" ind1="0" ind2=" "><subfield code="a">Yahuda Collection.</subfield></datafield><datafield tag="880" ind1="1" ind2="0"><subfield code="6">245-03/</subfield><subfield code="a">كتاب نصيحة المحبين وروضة الموحدين,</subfield><subfield code="f">[1212ه، 1798م].</subfield></datafield><datafield tag="880" ind1="1" ind2="0"><subfield code="6">240-02/</subfield><subfield code="a">نصيحة المحبين وروضة الموحدين</subfield></datafield><datafield tag="880" ind1="1" ind2=" "><subfield code="6">100-01/</subfield><subfield code="a">نهرواني، محمد ابو ثابت ابن الرفاعي.</subfield></datafield><datafield tag="CID" ind1=" " ind2=" "><subfield code="a">006781939</subfield></datafield><datafield tag="DAT" ind1="0" ind2=" "><subfield code="a">20190719102635.0</subfield><subfield code="b">20190719000000.0</subfield></datafield><datafield tag="DAT" ind1="1" ind2=" "><subfield code="a">20190719090653.0</subfield><subfield code="b">2019-07-19T16:11:25Z</subfield></datafield><datafield tag="DAT" ind1="2" ind2=" "><subfield code="a">2015-10-10T18:00:06Z</subfield></datafield><datafield tag="CAT" ind1=" " ind2=" "><subfield code="a">SDR-MIU</subfield><subfield code="d">EX LIBRIS - ALEPH</subfield><subfield code="l">prepare.pl-004-008</subfield></datafield><datafield tag="FMT" ind1=" " ind2=" "><subfield code="a">BK</subfield></datafield><datafield tag="HOL" ind1=" " ind2=" "><subfield code="0">sdr-miu006781939</subfield><subfield code="a">MiU</subfield><subfield code="b">SDR</subfield><subfield code="c">MIU</subfield><subfield code="p">mdp.39015079125681</subfield><subfield code="s">MIU</subfield><subfield code="1">006781939</subfield></datafield><datafield tag="974" ind1=" " ind2=" "><subfield code="b">MIU</subfield><subfield code="c">MIU</subfield><subfield code="d">20190719</subfield><subfield code="s">lit-dlps-dc</subfield><subfield code="u">mdp.39015079125681</subfield><subfield code="y">1798</subfield><subfield code="r">pd</subfield><subfield code="q">bib</subfield><subfield code="t">non-US bib date1 &lt; 1896</subfield></datafield></record></collection>